@book{flanders1989,
  author = "Harley Flanders",
  title = "Differential Forms with Applications to the Physical Sciences",
  year = "1989",
  publisher = "Dover Publications"
}

@book{karigiannis2019,
  author = "Spiro Karigiannis",
  title = "PMATH 365: Differential Geometry (Winter 2019)",
  year = "2019",
  publisher = "University of Waterloo"
}

@book{stephen2002,
  author = "Stephen H. Friedberg and Arnold J. Insel and Lawrence E. Spence",
  title = "Linear Algebra",
  year = "2002",
  publisher = "Pearson Education",
  edition = "4th"
}

@misc{weisstein-mathworld,
  author = "Weisstein, Eric W.",
  title = "Level Set",
  year = "n.d.",
  howpublished = "MathWorld -- A Wolfram Math Resource. \url{http://mathworld.wolfram.com/LevelSet.html}"
}
