@book{banno1999,
  author = "Banno Eri and Ikeda Yoko and Ohno Yutaka and Shinagawa Chikako and Tokashiki Kyoko",
  title = "Genki II - An Integrated Course in Elementary Japanese",
  year = "1999",
  publisher = "The Japan Times",
  edition = "2"
}
