@book{johnlee2000,
  author = "John M. Lee",
  title = "Graduate Texts in Mathematics: Introduction to Topological Manifolds",
  year = "2000",
  publisher = "Springer"
}
