@book{bodie2015,
  author = "Zvi Bodie and Alex Kane and Alan J. Marcus and Stylianos Perrakis and Peter J. Ryan and Lorne N. Switzer",
  title = "Investments",
  year = "2015",
  edition = "8th Canadian",
  publisher = "McGraw-Hill Ryerson"
}

@misc{wiki:blackmonday1987,
    author = "{Wikipedia contributors}",
    title = "Black Monday (1987) --- {Wikipedia}{,} The Free Encyclopedia",
    year = "2019",
    howpublished = "\url{https://en.wikipedia.org/w/index.php?title=Black_Monday_(1987)\&oldid=913476478}",
    note = "[Online; accessed 5-September-2019]"
}
