@misc{DhaeneVyncke2010,
  author = "Jan Dhaene and David Vyncke",
  title = "The individual risk model",
  year = "2010",
  howpublished = "\url{https://www.researchgate.net/publication/228232062_The_Individual_Risk_Model}"
}

@book{KlugmanPanjerWillmot2012,
  author = "Stuart A. Klugman and Harry H. Panjer, and Gorden E. Willmot",
  title = "Loss Models: From Data to Decisions",
  year = "2012",
  edition = "4th",
  publisher = "John Wiley \& Sons, Inc."
}
