@book{etsuko,
  author = {友松悦子 and 福島佐知 and 中村かおり},
  title = {新完全マスター文法・日本語能力試験N4},
  year = {n.d.},
  publisher = {スリーエーネットワーク}
}

@misc{tkforeignlang,
  author = {東京外国語大学},
  title = {東京外国語大学言語モジュール・格助詞},
  year = {n.d.},
  howpublished = {原文：\url{http://www.coelang.tufs.ac.jp/mt/ja/gmod/contents/explanation/053.html}}
}
