@misc{Geyer2007,
  author = "Geyer, C. J.",
  title = "Stat 5102 Notes: Fisher Information and Confidence Intervals Using Maximum Likelihood",
  year = "2007",
  month = "March",
  howpublished = "\url{https://www.stat.umn.edu/geyer/s06/5102/notes/fish.pdf}"
}

@book{CasellaBerger2002,
  author = "Casella, G. {\&} Berger, R. L.",
  title = "Statistical Inference",
  year = "2002",
  publisher = "Thomson Learning"
}
