@book{klugman2012,
  author = "Stuart A. Klugman and Harry H. Panjer and Gordon E. Willmot",
  title = "Loss Models: From Data to Decisions",
  year = "2012",
  edition = "4th",
  publisher = "John Wiley \& Sons Inc., Hoboken, New Jersey"
}

@article{mowbray1914,
  author = "Mowbray, A. H.",
  title = "How Extensive a Payroll Exposure Is Necessary to Give a Dependable Pure Premium?",
  year = "1914",
  journal = "Proceedings of the Casualty Actuarial Society",
  volume = "I",
  pages = "24-30"
}
