@misc{rwh,
  author = "Brian O'Sullivan and Don Stewart and John Goerzen",
  title = "Real World Haskell",
  howpublished = "\url{http://book.realworldhaskell.org/read/}",
  year = "2007"
}

@misc{lyah,
  author = "Lipova{\v c}a, M.",
  title = "Learn You A Haskell",
  howpublished = "\url{http://learnyouahaskell.com/chapters}"
}
