@misc{cohen1963,
  author = "Paul J. Cohen",
  title = "The Independence of the Continuum Hypothesis",
  year = "1963",
  howpublished = "\url{https://www.ncbi.nlm.nih.gov/pmc/articles/PMC221287/}"
}

@book{rahim,
  author = "Rahim Moosa",
  title = "Set Theory and Model Theory",
  year = "n.d.",
  publisher = "(n.p.)",
  edition = "5th"
}
