@book{marcoux2018,
  author = "Laurent W. Marcoux",
  title = "PMath 450 Introduction to Lebesgue Measure and Fourier Analysis",
  year = "2018",
  publisher = "(n.p.)"
}

@book{siegmund2008,
  author = "Reinhard Siegmund-Schultze",
  title = "Henri Lesbesgue, in Timothy Gowers, June Barrow-Green, Imre Leader (eds.), Princeton Companion to Mathematics",
  year = "2008",
  publisher = "Princeton University Press"
}

@misc{mathworld_linearmanifold,
  author = "Stover, Christopher",
  title = "Linear Manifold",
  year = "n.d.",
  howpublished = "From MathWorld--A Wolfram Web Resource, created by Eric W. Weisstein. \url{http://mathworld.wolfram.com/LinearManifold.html}"
}

@misc{mirjam_mathse_2013,
  title = {Is composition of measurable functions measurable?},
  author = {Mirjam},
  year = "2013",
  howpublished = {Mathematics Stack Exchange},
  note = {URL:\url{https://math.stackexchange.com/q/283548} (version: 2013-01-21)},
  eprint = {\url{https://math.stackexchange.com/q/283548}},
  URL = {\url{https://math.stackexchange.com/q/283548}}
}
