@misc{bforres2018,
  author    = "Brian E. Forrest",
  title     = "PMATH351, Real Analysis",
  year      = "2018",
}
