@book{folland1999,
  title = "Real Analysis: Modern Techniques and Their Applications",
  author = "Gerald B. Folland",
  year = "1999",
  edition = "2nd",
  publisher = "John Wiley and Sons, Inc."
}

@book{halmos1974,
  title = "Graduate Text in Mathematics: Measure Theory",
  author = "Paul R. Halmos",
  year = "1974",
  publisher = "Springer-Verlag"
}
